@Article{ mccabe_complexity_1976,
	title = "A Complexity Measure",
	url = "http://www.literateprogramming.com/mccabe.pdf",
	journal = "{IEEE} Transactions on Software Engineering",
	author = "Thomas J. {McCabe}",
	month = dec,
	year = "1976",
	pages = "308--320"
}

